@article{beyer2012importance,
  title={The importance of ‘big data’: a definition},
  author={Beyer, Mark A and Laney, Douglas},
  journal={Stamford, CT: Gartner},
  pages={2014--2018},
  year={2012}
}

@mastersthesis{mijailmaster,
  author  = {Mijail Veliz Monteagudo},
  school  = {Facultad de Matemática y Computación, Universidad de La Habana},
  title   = {Población genérica de un Data Warehouse Empresarial},
  year    = {2009},
  type    = {Tesis de maestría}
}

@mastersthesis{lismaster,
  author  = {Lis Velázquez Vidal},
  school  = {Facultad de Matemática y Computación, Universidad de La Habana},
  title   = {Herramienta genérica para la población del Warehouse Informacional},
  year    = {2009},
  type    = {Tesis de maestría}
}

@article{negash2004business,
  title={Business intelligence},
  author={Negash, Solomon},
  journal={Communications of the association for information systems},
  volume={13},
  number={1},
  pages={15},
  year={2004}
}

@article{lloyd2011identifying,
  title={Identifying key components of business intelligence systems and their role in managerial decision making},
  author={Lloyd, John},
  year={2011}
}

@incollection{harizopoulos2018oltp,
  title={OLTP through the looking glass, and what we found there},
  author={Harizopoulos, Stavros and Abadi, Daniel J and Madden, Samuel and Stonebraker, Michael},
  booktitle={Making Databases Work: the Pragmatic Wisdom of Michael Stonebraker},
  pages={409--439},
  year={2018}
}

@article{chaudhuri1997overview,
title={An overview of data warehousing and OLAP technology},
author={Chaudhuri, Surajit and Dayal, Umeshwar},
journal={ACM Sigmod record},
volume={26},
number={1},
pages={65--74},
year={1997},
publisher={ACM New York, NY, USA}
}

@inproceedings{nanda2019comprehensive,
  title={A comprehensive survey of OLAP: recent trends},
  author={Nanda, Adhish and Gupta, Swati and Vijrania, Meenu},
  booktitle={2019 3rd International Conference on Electronics, Communication and Aerospace Technology (ICECA)},
  pages={425--430},
  year={2019},
  organization={IEEE}
}

@book{devlin1996data,
  title={Data warehouse: from architecture to implementation},
  author={Devlin, Barry},
  year={1996},
  publisher={Addison-Wesley Longman Publishing Co., Inc.}
}

@inproceedings{nwokeji2021systematic,
title={A systematic literature review on big data extraction, transformation and loading (etl)},
author={Nwokeji, Joshua C and Matovu, Richard},
booktitle={Intelligent Computing: Proceedings of the 2021 Computing Conference, Volume 2},
pages={308--324},
year={2021},
organization={Springer}
}

@article{dhaouadi2022data,
  title={Data warehousing process modeling from classical approaches to new trends: Main features and comparisons},
  author={Dhaouadi, Asma and Bousselmi, Khadija and Gammoudi, Mohamed Mohsen and Monnet, S{\'e}bastien and Hammoudi, Slimane},
  journal={Data},
  volume={7},
  number={8},
  pages={113},
  year={2022},
  publisher={Multidisciplinary Digital Publishing Institute}
}

@book{kimball2004data,
  title={The data warehouse ETL toolkit},
  author={Kimball, Ralph and Caserta, Joe},
  year={2004},
  publisher={John Wiley \& Sons}
}

@misc{noauthor_plug-architectures_nodate,
	title = {Plug-in {Architectures}},
	url = {https://developer.apple.com/library/archive/documentation/Cocoa/Conceptual/LoadingCode/Concepts/Plugins.html},
	urldate = {2023-11-22},
	file = {Plug-in Architectures:C\:\\Users\\Chuchi\\Zotero\\storage\\AVL8CNX8\\Plugins.html:text/html},
}

@inproceedings{buttner2004digging,
  title={Digging into the Visitor Pattern.},
  author={B{\"u}ttner, Fabian and Radfelder, Oliver and Lindow, Arne and Gogolla, Martin},
  booktitle={SEKE},
  pages={135--141},
  year={2004},
  organization={Citeseer}
}

@misc{foote_brief_2018,
	title = {A {Brief} {History} of the {Data} {Warehouse}},
	url = {https://www.dataversity.net/brief-history-data-warehouse/},
	abstract = {A Data Warehouse (DW) stores corporate information and data from operational systems and a wide range of other data resources. Data Warehouses are designed to support the decision-making process through data collection, consolidation, analytics, and research.},
	language = {en-US},
	urldate = {2023-03-10},
	journal = {DATAVERSITY},
	author = {Foote, Keith D.},
	month = apr,
	year = {2018},
	keywords = {History},
	file = {Snapshot:C\:\\Users\\Chuchi\\Zotero\\storage\\A36IKVEL\\brief-history-data-warehouse.html:text/html},
}

@misc{naeem_data_2020,
	title = {Data {Warehouse} {Concepts}: {Kimball} vs. {Inmon} {Approach}},
	shorttitle = {Data {Warehouse} {Concepts}},
	url = {https://www.astera.com/type/blog/data-warehouse-concepts/},
	abstract = {Inmon vs Kimball: Which data warehouse concept should you use to design a data warehouse. Find out in this blog.},
	language = {en-US},
	urldate = {2023-03-10},
	journal = {Astera},
	author = {Naeem, Tehreem},
	month = feb,
	year = {2020},
	file = {Snapshot:C\:\\Users\\Chuchi\\Zotero\\storage\\DVQ44NVM\\data-warehouse-concepts.html:text/html},
}

@misc{noauthor_snowflake_2018,
	title = {Snowflake {Schema} in {Data} {Warehouse} {Model}},
	url = {https://www.geeksforgeeks.org/snowflake-schema-in-data-warehouse-model/},
	abstract = {A Computer Science portal for geeks. It contains well written, well thought and well explained computer science and programming articles, quizzes and practice/competitive programming/company interview Questions.},
	language = {en-us},
	urldate = {2023-03-10},
	journal = {GeeksforGeeks},
	month = aug,
	year = {2018},
	note = {Section: DBMS},
	file = {Snapshot:C\:\\Users\\Chuchi\\Zotero\\storage\\QXG6SE7S\\snowflake-schema-in-data-warehouse-model.html:text/html},
}

@misc{noauthor_kimball_nodate,
	title = {Kimball vs. {Inmon} in {Data} {Warehouse} {Architecture}},
	url = {https://www.zentut.com/data-warehouse/kimball-and-inmon-data-warehouse-architectures/},
	abstract = {We will discuss about the Kimball vs. Inmon in data warehouse architecture and design approach. We also answer the question of how to choose Kimball or Inmon's architecture to build data warehouse.},
	language = {en-US},
	urldate = {2023-03-12},
	journal = {zentut},
	file = {Snapshot:C\:\\Users\\Chuchi\\Zotero\\storage\\VP7BZI6R\\kimball-and-inmon-data-warehouse-architectures.html:text/html},
}

@book{diaz2012introduccion,
  title={Introducci{\'o}n al business intelligence},
  author={D{\'\i}az, Josep Curto},
  year={2012},
  publisher={Editorial UOC}
}

@book{kimball2011data,
  title={The data warehouse toolkit: the complete guide to dimensional modeling},
  author={Kimball, Ralph and Ross, Margy},
  year={2011},
  publisher={John Wiley \& Sons},
}

@book{inmon2005building,
  title={Building the data warehouse},
  author={Inmon, William H},
  year={2005},
  publisher={John wiley \& sons}
}

@misc{magic_q,
	title = {2023 {Gartner} {Magic} {Quadrant}™ for {Data} {Integration} {Tools} {\textbar} {Qlik} \& {Talend}},
	url = {https://www.qlik.com/us/gartner-magic-quadrant-for-data-integration-tools},
	language = {en},
	urldate = {2023-12-15},
	journal = {Qlik}
}

@book{estrada2012structure,
  title={The structure of complex networks: theory and applications},
  author={Estrada, Ernesto},
  year={2012},
  publisher={Oxford University Press, USA}
}

@book{hopcroft_introduction_2007,
	address = {Boston},
	edition = {3rd ed},
	title = {Introduction to automata theory, languages, and computation},
	language = {en},
	publisher = {Pearson/Addison Wesley},
	author = {Hopcroft, John E. and Motwani, Rajeev and Ullman, Jeffrey D.},
	year = {2007},
	note = {OCLC: ocm69013079},
	keywords = {Computational complexity, Formal languages, Machine theory},
}



@inproceedings{popescu2003towards,
  title={Towards a theory of natural language interfaces to databases},
  author={Popescu, Ana-Maria and Etzioni, Oren and Kautz, Henry},
  booktitle={Proceedings of the 8th international conference on Intelligent user interfaces},
  pages={149--157},
  year={2003}
}


@inproceedings{kimelfeld2006finding,
  title={Finding and approximating top-k answers in keyword proximity search},
  author={Kimelfeld, Benny and Sagiv, Yehoshua},
  booktitle={Proceedings of the twenty-fifth ACM SIGMOD-SIGACT-SIGART symposium on Principles of database systems},
  pages={173--182},
  year={2006}
}
@inproceedings{hristidis2003efficient,
  title={Efficient IR-style keyword search over relational databases},
  author={Hristidis, Vagelis and Papakonstantinou, Yannis and Gravano, Luis},
  booktitle={Proceedings 2003 VLDB Conference},
  pages={850--861},
  year={2003},
  organization={Elsevier}
}
@inproceedings{he2007blinks,
  title={BLINKS: ranked keyword searches on graphs},
  author={He, Hao and Wang, Haixun and Yang, Jun and Yu, Philip S},
  booktitle={Proceedings of the 2007 ACM SIGMOD international conference on Management of data},
  pages={305--316},
  year={2007}
}
@inproceedings{mason2005autojoin,
  title={AutoJoin: providing freedom from specifying joins},
  author={Mason, Terrence and Wang, Lixin and Lawrence, Ramon},
  booktitle={International Conference on Enterprise Information Systems},
  volume={6},
  pages={31--38},
  year={2005},
  organization={SCITEPRESS}
}

@article{gabow1978finding,
  title={Finding all spanning trees of directed and undirected graphs},
  author={Gabow, Harold N and Myers, Eugene W},
  journal={SIAM Journal on Computing},
  volume={7},
  number={3},
  pages={280--287},
  year={1978},
  publisher={SIAM}
}

@article{owei2001enriching,
  title={Enriching the conceptual basis for query formulation through relationship semantics in databases},
  author={Owei, Vesper and Navathe, Shamkant B},
  journal={Information Systems},
  volume={26},
  number={6},
  pages={445--475},
  year={2001},
  publisher={Elsevier}
}

@misc{oltpAzure,
	title = {Online transaction processing ({OLTP}) - {Azure} {Architecture} {Center} {\textbar} {Microsoft} {Learn}},
	url = {https://learn.microsoft.com/en-us/azure/architecture/data-guide/relational-data/online-transaction-processing},
	urldate = {2023-08-08},
	file = {Online transaction processing (OLTP) - Azure Architecture Center | Microsoft Learn:C\:\\Users\\Chuchi\\Zotero\\storage\\R94PD4QG\\online-transaction-processing.html:text/html},
}

@misc{oltpOracle,
	title = {¿{Qué} es {OLTP}?},
	url = {https://www.oracle.com/ar/database/what-is-oltp/},
	abstract = {OLTP implica insertar, actualizar y/o suprimir pequeñas cantidades de datos en un almacén de datos para recopilar, gestionar y proteger transacciones.},
	language = {es},
	urldate = {2023-08-08},
	keywords = {OLTP vs OLAP},
	file = {Snapshot:C\:\\Users\\Chuchi\\Zotero\\storage\\UBC7LXYA\\what-is-oltp.html:text/html},
}

@book{garcia2008database,
  title={Database systems: the complete book},
  author={Garcia-Molina, Hector},
  year={2008},
  publisher={Pearson Education India}
}

@book{silberschatz2005database,
  title={Database systems concepts},
  author={Silberschatz, Abraham and Korth, Henry and Sudarshan, Shashank},
  year={2005},
  publisher={McGraw-Hill, Inc.}
}

@misc{helenclu_database_2023,
	title = {Database normalization description - {Microsoft} 365 {Apps}},
	url = {https://learn.microsoft.com/en-us/office/troubleshoot/access/database-normalization-description},
	abstract = {Describe the method to normalize the database and gives several alternatives to normalize forms. You need to master the database principles to understand them or you can follow the steps listed in the article.},
	language = {en-us},
	urldate = {2023-08-18},
	author = {helenclu},
	month = jul,
	year = {2023},
	file = {Snapshot:C\:\\Users\\Chuchi\\Zotero\\storage\\WH495648\\database-normalization-description.html:text/html},
}

@misc{noauthor_oracle_RelDB_nodate,
	title = {What is a relational database?},
	url = {https://www.oracle.com/database/what-is-a-relational-database/},
	abstract = {Learn the definition of a relational database and how it can help your business.},
	language = {en},
	urldate = {2023-08-18},
	file = {Snapshot:C\:\\Users\\Chuchi\\Zotero\\storage\\QEGMHW8Q\\what-is-a-relational-database.html:text/html},
}

@misc{raunakjhawar_ETL_microsoft,
	title = {Extract, transform, and load ({ETL}) - {Azure} {Architecture} {Center}},
	url = {https://learn.microsoft.com/en-us/azure/architecture/data-guide/relational-data/etl},
	abstract = {Learn about extract-transform-load (ETL) and extract-load-transform (ELT) data transformation pipelines, and how to use control flows and data flows.},
	language = {en-us},
	urldate = {2023-08-20},
	author = {raunakjhawar},
	file = {Snapshot:C\:\\Users\\Chuchi\\Zotero\\storage\\6H8TPS9C\\etl.html:text/html},
}

@misc{ETL_amazon,
	title = {¿{Qué} es {ETL}? - {Explicación} de extracción, transformación y carga ({ETL}) - {AWS}},
	shorttitle = {¿{Qué} es {ETL}?},
	url = {https://aws.amazon.com/es/what-is/etl/},
	abstract = {Descubra qué es ETL y cómo utilizar Amazon Web Services para ETL},
	language = {es-ES},
	urldate = {2023-08-20},
	journal = {Amazon Web Services, Inc.},
	file = {Snapshot:C\:\\Users\\Chuchi\\Zotero\\storage\\SVTF2I4D\\etl.html:text/html},
}

@misc{etl_vs_elt_amazon,
	title = {{ETL} vs {ELT} - {Difference} {Between} {Data}-{Processing} {Approaches} - {AWS}},
	url = {https://aws.amazon.com/compare/the-difference-between-etl-and-elt/},
	abstract = {What's the Difference Between ETL and ELT? How to Use ETL and ELT with AWS.},
	language = {en-US},
	urldate = {2023-08-20},
	journal = {Amazon Web Services, Inc.},
	file = {Snapshot:C\:\\Users\\Chuchi\\Zotero\\storage\\QHYSBE8G\\the-difference-between-etl-and-elt.html:text/html},
}

@misc{BI_powerBI_Microsoft,
	title = {What {Is} {Business} {Intelligence} {\textbar} {Microsoft} {Power} {BI}},
	url = {https://powerbi.microsoft.com/en-us/what-is-business-intelligence/},
	abstract = {Learn what business intelligence is and how to use business intelligence tools to uncover actionable insights that drive strategic business decisions.},
	language = {en},
	urldate = {2023-08-23},
}

@misc{IBM_bi,
	title = {What is {Business} {Intelligence} and {How} {Does} it {Work}? {\textbar} {IBM}},
	shorttitle = {What is {Business} {Intelligence} and {How} {Does} it {Work}?},
	url = {https://www.ibm.com/topics/business-intelligence},
	abstract = {Business intelligence (BI) is software that ingests business data and presents it in user-friendly views such as reports, dashboards, charts and graphs."},
	language = {en-us},
	urldate = {2023-08-23},
}












@misc{noauthor_fusion_nodate,
	title = {Fusion {Middleware} {Getting} {Started} with {Oracle} {Data} {Integrator}},
	url = {https://docs.oracle.com/cd/E17904_01/integrate.1111/e12641/overview.htm#ODIGS421},
	language = {en},
	urldate = {2023-09-15},
	file = {Snapshot:C\:\\Users\\Chuchi\\Zotero\\storage\\5MGKWZBJ\\overview.html:text/html},
}

@misc{noauthor_fusion_nodate-1,
	title = {Fusion {Middleware} {Developer}'s {Guide} for {Oracle} {Data} {Integrator}},
	url = {https://docs.oracle.com/cd/E14571_01/integrate.1111/e12643/intro.htm#ODIDG122},
	language = {en},
	urldate = {2023-09-15},
	file = {Snapshot:C\:\\Users\\Chuchi\\Zotero\\storage\\NKRU6BSV\\intro.html:text/html},
}

@misc{noauthor_fusion_nodate-2,
	title = {Fusion {Middleware} {Developing} {Integration} {Projects} with {Oracle} {Data} {Integrator}},
	copyright = {Copyright © 2010, 2016, Oracle and/or its affiliates. All rights reserved.},
	url = {https://docs.oracle.com/middleware/12212/odi/develop/setup_topology.htm#ODIDG183},
	abstract = {This chapter provides an overview of Oracle Data Integrator topology concepts and components relevant to ODI developers.},
	language = {en},
	urldate = {2023-09-15},
	file = {Snapshot:C\:\\Users\\Chuchi\\Zotero\\storage\\4SIHRS9K\\setup_topology.html:text/html},
}

@misc{noauthor_dataflow_nodate,
	title = {Dataflow documentation},
	url = {https://cloud.google.com/dataflow/docs},
	abstract = {A fully-managed service for transforming and enriching data in stream and batch modes with equal reliability and expressiveness.},
	language = {en},
	urldate = {2023-09-17},
	journal = {Google Cloud},
}

@misc{noauthor_apache_nodate,
	title = {Apache {Beam} {Google} {DataFlow} {Pipeline} {Engine} :: {Apache} {Hop}},
	shorttitle = {Apache {Beam} {Google} {DataFlow} {Pipeline} {Engine}},
	url = {https://hop.apache.org/manual/latest/pipeline/pipeline-run-configurations/beam-dataflow-pipeline-engine.html},
	abstract = {Apache Hop supports running pipelines on GCP Dataflow over Apache Beam. GCP Dataflow is a fully managed service for executing Beam pipelines.},
	language = {en},
	urldate = {2023-09-17},
}

@misc{noauthor_serverless_nodate,
	title = {Serverless {Data} {Integration} – {AWS} {Glue} – {Amazon} {Web} {Services}},
	url = {https://aws.amazon.com/glue/},
	urldate = {2023-09-17},
}

@misc{noauthor_integration_nodate,
	title = {Integration with {AWS} {Glue} - {Amazon} {Athena}},
	url = {https://docs.aws.amazon.com/athena/latest/ug/glue-athena.html},
	urldate = {2023-09-17},
	file = {Integration with AWS Glue - Amazon Athena:C\:\\Users\\Chuchi\\Zotero\\storage\\JGNBW4YC\\glue-athena.html:text/html},
}

@misc{noauthor_functional_nodate,
	title = {Functional architecture of {Talend} {Open} {Studio} for {Data} {Quality} • {Talend} {Open} {Studio} for {Data} {Quality} {Getting} {Started} {Guide} • {Reader} • {Welcome} to {Talend} {Help} {Center}},
	url = {https://help.talend.com/r/en-US/7.3/studio-getting-started-guide-open-studio-for-data-quality/functional-architecture},
	urldate = {2023-09-19},
	file = {Functional architecture of Talend Open Studio for Data Quality • Talend Open Studio for Data Quality Getting Started Guide • Reader • Welcome to Talend Help Center:C\:\\Users\\Chuchi\\Zotero\\storage\\67CPGQWJ\\functional-architecture.html:text/html},
}

@misc{noauthor_what_nodate,
	title = {What is {Talend} {Studio}? • {Talend} {Open} {Studio} {User} {Guide} • {Reader} • {Welcome} to {Talend} {Help} {Center}},
	url = {https://help.talend.com/r/en-US/7.3/open-studio-user-guide},
	urldate = {2023-09-19},
	file = {What is Talend Studio? • Talend Open Studio User Guide • Reader • Welcome to Talend Help Center:C\:\\Users\\Chuchi\\Zotero\\storage\\DG3H23VN\\open-studio-user-guide.html:text/html},
}

@misc{noauthor_powercenter_nodate,
	title = {{PowerCenter} {Integration} {Service} {Architecture}},
	url = {https://docs.informatica.com/data-integration/powercenter/10-4-0/application-service-guide/powercenter-integration-service-architecture.html},
	urldate = {2023-09-25},
	file = {PowerCenter Integration Service Architecture:C\:\\Users\\Chuchi\\Zotero\\storage\\JL7YT8BJ\\powercenter-integration-service-architecture.html:text/html},
}

@misc{noauthor_powercenter_nodate-1,
	title = {{PowerCenter} {Designer}},
	url = {https://docs.informatica.com/data-integration/powercenter/10-5/getting-started/product-overview/powercenter-client/powercenter-designer.html},
	urldate = {2023-09-25},
	file = {PowerCenter Designer:C\:\\Users\\Chuchi\\Zotero\\storage\\TLNBPP8D\\powercenter-designer.html:text/html},
}

@misc{noauthor_powercenter_nodate-2,
	title = {{PowerCenter}: plataforma de integración de datos empresariales {\textbar} {Informatica} {Chile}},
	shorttitle = {{PowerCenter}},
	url = {https://www.informatica.com/cl/products/data-integration/powercenter.html},
	abstract = {Informatica PowerCenter te ofrece una solución de integración de datos empresarial, escalable y de alto rendimiento compatible con todo el ciclo de vida de integración de datos.},
	language = {es-cl},
	urldate = {2023-09-25},
	file = {Snapshot:C\:\\Users\\Chuchi\\Zotero\\storage\\U89I2DJF\\powercenter.html:text/html},
}

@misc{noauthor_azure_nodate,
	title = {Azure {Data} {Factory} - {Data} {Integration} {Service} {\textbar} {Microsoft} {Azure}},
	url = {https://azure.microsoft.com/en-us/products/data-factory},
	abstract = {Discover Azure Data Factory, the easiest cloud-based hybrid data integration service and solution at an enterprise scale. Build data factories without the need to code.},
	language = {en-US},
	urldate = {2023-09-27},
	file = {Snapshot:C\:\\Users\\Chuchi\\Zotero\\storage\\ZVY8PU4Z\\data-factory.html:text/html},
}

@misc{azure_intro,
	title = {Introduction to {Azure} {Data} {Factory} - {Azure} {Data} {Factory}},
	url = {https://learn.microsoft.com/en-us/azure/data-factory/introduction},
	abstract = {Learn about Azure Data Factory, a cloud data integration service that orchestrates and automates movement and transformation of data.},
	language = {en-us},
	urldate = {2023-09-27},
	author = {dcstwh},
	month = jul,
	year = {2023},
	file = {Snapshot:C\:\\Users\\Chuchi\\Zotero\\storage\\8V946W2M\\introduction.html:text/html},
}

@misc{bennage_azure_nodate,
	title = {Azure {Architecture} {Center} - {Azure} {Architecture} {Center}},
	url = {https://learn.microsoft.com/en-us/azure/architecture/},
	abstract = {The Azure Architecture Center provides guidance for designing and building solutions on Azure using established patterns and practices.},
	language = {en-us},
	urldate = {2023-09-27},
	author = {bennage},
	file = {Snapshot:C\:\\Users\\Chuchi\\Zotero\\storage\\AK96JNUE\\architecture.html:text/html},
}
